@book{butcher,
  title={Numerical Methods for Ordinary Differential Equations},
  author={Butcher, J. C.},
  year={2016},
  edition={3},
  publisher={Wiley}
}

@book{hairer,
  title={Solving Ordinary Differential Equations I: Nonstiff Problems},
  author={Hairer, E. and N{\o}rsett, S. P. and Wanner, G.},
  year={1993},
  publisher={Springer}
}

@misc{numpy,
  title={NumPy Documentation},
  author={{NumPy Developers}},
  year={2023},
  howpublished={\url{https://numpy.org/doc/}}
}

@misc{matplotlib,
  title={Matplotlib Documentation},
  author={{Matplotlib Developers}},
  year={2023},
  howpublished={\url{https://matplotlib.org/stable/contents.html}}
}

@misc{scipy,
  title={SciPy Documentation: Differential Equation Solving},
  author={{SciPy Developers}},
  year={2023},
  howpublished={\url{https://docs.scipy.org/doc/scipy/reference/integrate.html}}
}
